@article{gompertz1825xxiv,
  title={XXIV. On the nature of the function expressive of the law of human mortality, and on a new mode of determining the value of life contingencies. In a letter to Francis Baily, Esq. FRS \&c},
  author={Gompertz, Benjamin},
  journal={Philosophical transactions of the Royal Society of London},
  number={115},
  pages={513--583},
  year={1825},
  publisher={The Royal Society London}
}
@book{malthus_1989, 
 place={Cambridge}, 
 title={An essay on the principle of population}, 
 publisher={Cambridge Univ. Pr.}, 
 author={Malthus, Thomas Robert}, 
 year={1989}
} 

@article{roth1962continuity,
  title={Continuity of psychrophilic and mesophilic growth characteristics in the genus Arthrobacter},
  author={Roth, Norman G and Wheaton, Robert B},
  journal={Journal of bacteriology},
  volume={83},
  number={3},
  pages={551--555},
  year={1962},
  publisher={Am Soc Microbiol}
}

@article{stannard1985temperature,
  title={Temperature/growth relationships for psychrotrophic food-spoilage bacteria},
  author={Stannard, CJ and Williams, AP and Gibbs, PA},
  journal={Food Microbiology},
  volume={2},
  number={2},
  pages={115--122},
  year={1985},
  publisher={Elsevier}
}
@article{phillips1987relation,
  title={The relation between temperature and growth of bacteria in dairy products},
  author={Phillips, JD and Griffiths, MW},
  journal={Food Microbiology},
  volume={4},
  number={2},
  pages={173--185},
  year={1987},
  publisher={Elsevier}
}
@article{sivonen1990effects,
  title={Effects of light, temperature, nitrate, orthophosphate, and bacteria on growth of and hepatotoxin production by Oscillatoria agardhii strains},
  author={Sivonen, Kaarina},
  journal={Applied and environmental microbiology},
  volume={56},
  number={9},
  pages={2658--2666},
  year={1990},
  publisher={Am Soc Microbiol}
}
@article{silva2018modelling,
  title={Modelling the growth of lactic acid bacteria at different temperatures},
  author={Silva, Ana Paula Rosa da and Longhi, Daniel Angelo and Dalcanton, Francieli and Arag{\~a}o, Gl{\'a}ucia Maria Falc{\~a}o de},
  journal={Brazilian archives of biology and technology},
  volume={61},
  year={2018},
  publisher={SciELO Brasil}
}
@article{gill1991growth,
  title={Growth of Escherichia coli and Salmonella typhimurium on high-pH beef packed under vacuum or carbon dioxide},
  author={Gill, CO and DeLacy, KM},
  journal={International journal of food microbiology},
  volume={13},
  number={1},
  pages={21--30},
  year={1991},
  publisher={Elsevier}
}
@article{bae2014growth,
  title={Growth characteristics and biofilm formation of various spoilage bacteria isolated from fresh produce},
  author={Bae, Young-Min and Zheng, Ling and Hyun, Jeong-Eun and Jung, Kyu-Seok and Heu, Sunggi and Lee, Sun-Young},
  journal={Journal of food science},
  volume={79},
  number={10},
  pages={M2072--M2080},
  year={2014},
  publisher={Wiley Online Library}
}

@article{bernhardt2018metabolic,
  title={Metabolic theory and the temperature-size rule explain the temperature dependence of population carrying capacity},
  author={Bernhardt, Joey R and Sunday, Jennifer M and Oâ€™Connor, Mary I},
  journal={The American Naturalist},
  volume={192},
  number={6},
  pages={687--697},
  year={2018},
  publisher={University of Chicago Press Chicago, IL}
}

@article{galarz2016predicting,
  title={Predicting bacterial growth in raw, salted, and cooked chicken breast fillets during storage},
  author={Galarz, Liane Aldrighi and Fonseca, Gustavo Graciano and Prentice, Carlos},
  journal={Food Science and Technology International},
  volume={22},
  number={6},
  pages={461--474},
  year={2016},
  publisher={SAGE Publications Sage UK: London, England}
}
@article{zwietering1994modeling,
  title={Modeling of bacterial growth with shifts in temperature},
  author={Zwietering, MH and De Wit, JC and Cuppers, HGAM and Van't Riet, K},
  journal={Applied and Environmental Microbiology},
  volume={60},
  number={1},
  pages={204--213},
  year={1994},
  publisher={Am Soc Microbiol}
}
@Book{ggplot2_citation,
author = {Hadley Wickham},
title = {ggplot2: Elegant Graphics for Data Analysis},
publisher = {Springer-Verlag New York},
year = {2016},
isbn = {978-3-319-24277-4},
url = {https://ggplot2.tidyverse.org},
} 

